
%%%%%%%%%%%%%%%%%%% Elizabeth

%%%%%%%% Imagenes


@misc{stadisitc_cancer,
	title={Evolución prevista de las muertes por cáncer a nivel mundial desde 2020 hasta 2040},
	author={{Statista}},
	year={2023},
	url={https://es.statista.com/estadisticas/1385737/pronostico-muertes-por-cancer-en-el-mundo/}
}

@misc{OMS_cancer,
	title={Cancer},
	author={{OPS/OMS}},
	year={s.f.},
	url={https://www.paho.org/es/temas/cancer}
	
}

@misc{SENAMHI_uv,
	title={SENAMHI - Radiacion Uv Numerico},
	author={{senamhi}},
	year={2024},
	url={https://www.senamhi.gob.pe/?p=radiacion-uv-numerico}
	
}

@misc{cancer_diagnostico,
	title={METODO DEL PRIMER DIAGNOSTICO DEL CANCER.PERU 2019-2022},
	author={{ministerio de salud}},
	year={2022},
	url={https://www.dge.gob.pe/portal/docs/vigilancia/sala/2022/SE52/cancer.pdf}
	
}

%    address={Portugal},


@misc{cu_USAcommodity2019,
	title={Mineral commodity summaries 2019: U.S. Geological Survey},
	author={{U.S. Geological Survey}},
	year={2019},
	doi={https://doi.org/10.3133/70202434}
}





%%%%Articulos tecnicos
%%%%%%%%%%%%%%%%%%%%%%%%%%%%%%%%%%%%%%%%%%%%%%%%

%%%verificar si institution esta bien o author va bien
@misc{tec_vectorwords_tensorflow,
	title={Vector Representations of Words},
	author={{TensorFlow}},
	year={2019},
	url={https://www.tensorflow.org/tutorials/representation/word2vec}
}

@techreport{tec_royal2017machine,
	title={Machine learning: the power and promise of computers that learn by example},
	author={{Royal Society Working Group}},
	year={2017},
	institution={Technical report}
}





%%%%%%%% Papers

%%%% Tema de investigacion (2)
@article{jain2021deep,
	title={Deep learning-based transfer learning for classification of skin cancer},
	author={Jain, Satin and Singhania, Udit and Tripathy, Balakrushna and Nasr, Emad Abouel and Aboudaif, Mohamed K and Kamrani, Ali K},
	journal={Sensors},
	volume={21},
	number={23},
	pages={8142},
	year={2021},
	publisher={MDPI}
}


@article{haggenmuller2021skin,
	title={Skin cancer classification via convolutional neural networks: systematic review of studies involving human experts},
	author={Haggenm{\"u}ller, Sarah and Maron, Roman C and Hekler, Achim and Utikal, Jochen S and Barata, Catarina and Barnhill, Raymond L and Beltraminelli, Helmut and Berking, Carola and Betz-Stablein, Brigid and Blum, Andreas and others},
	journal={European Journal of Cancer},
	volume={156},
	pages={202--216},
	year={2021},
	publisher={Elsevier}
}



%%%% Problematica (2)

@article{ali_2021enhanced,
	title={An enhanced technique of skin cancer classification using deep convolutional neural network with transfer learning models},
	author={Ali, Md Shahin and Miah, Md Sipon and Haque, Jahurul and Rahman, Md Mahbubur and Islam, Md Khairul},
	journal={Machine Learning with Applications},
	volume={5},
	pages={100036},
	year={2021},
	publisher={Elsevier}
}

@article{vargas_2021diseno,
	title={Dise{\~n}o de una herramienta para la clasificaci{\'o}n de im{\'a}genes de c{\'a}ncer de piel utilizando Redes Neuronales Profundas (DNN)},
	author={Vargas, Diana Paola Merch{\'a}n and B{\'a}ez, Helis Navarro and Perez, Jaime Barrero and Boh{\'o}rquez, Jeyson Arley Castillo},
	journal={Ciencia y tecnolog{\'\i}a},
	number={21},
	pages={5},
	year={2021},
	publisher={Universidad de Palermo (UP)}
}


%%%% Tecnica (6)

@article{murugan_2021diagnosis,
	title={Diagnosis of skin cancer using machine learning techniques},
	author={Murugan, A and Nair, S Anu H and Preethi, A Angelin Peace and Kumar, KP Sanal},
	journal={Microprocessors and Microsystems},
	volume={81},
	pages={103727},
	year={2021},
	publisher={Elsevier}
}


@article{ali_2022multiclass,
	title={Multiclass skin cancer classification using EfficientNets--a first step towards preventing skin cancer},
	author={Ali, Karar and Shaikh, Zaffar Ahmed and Khan, Abdullah Ayub and Laghari, Asif Ali},
	journal={Neuroscience Informatics},
	volume={2},
	number={4},
	pages={100034},
	year={2022},
	publisher={Elsevier}
}

@article{khater2023skin,
	title={Skin cancer classification using explainable artificial intelligence on pre-extracted image features},
	author={Khater, Tarek and Ansari, Sam and Mahmoud, Soliman and Hussain, Abir and Tawfik, Hissam},
	journal={Intelligent Systems with Applications},
	volume={20},
	pages={200275},
	year={2023},
	publisher={Elsevier}
}




@article{xin2022improved,
	title={An improved transformer network for skin cancer classification},
	author={Xin, Chao and Liu, Zhifang and Zhao, Keyu and Miao, Linlin and Ma, Yizhao and Zhu, Xiaoxia and Zhou, Qiongyan and Wang, Songting and Li, Lingzhi and Yang, Feng and others},
	journal={Computers in Biology and Medicine},
	volume={149},
	pages={105939},
	year={2022},
	publisher={Elsevier}
}

@article{abdar2021uncertainty,
	title={Uncertainty quantification in skin cancer classification using three-way decision-based Bayesian deep learning},
	author={Abdar, Moloud and Samami, Maryam and Mahmoodabad, Sajjad Dehghani and Doan, Thang and Mazoure, Bogdan and Hashemifesharaki, Reza and Liu, Li and Khosravi, Abbas and Acharya, U Rajendra and Makarenkov, Vladimir and others},
	journal={Computers in biology and medicine},
	volume={135},
	pages={104418},
	year={2021},
	publisher={Elsevier}
}


@article{chaturvedi2020multi,
	title={A multi-class skin Cancer classification using deep convolutional neural networks},
	author={Chaturvedi, Saket S and Tembhurne, Jitendra V and Diwan, Tausif},
	journal={Multimedia Tools and Applications},
	volume={79},
	number={39},
	pages={28477--28498},
	year={2020},
	publisher={Springer}
}




%%%% Otros archivos

%%sobre arbol de problemas

@misc{ot_marti2018manual,
	title={Manual formulación, evaluación y monitoreo de proyectos sociales},
	author={Martínez, Rodrigo and Cohen, Ernesto},
	year={2018},
	url={https://dds.cepal.org/redesoc/publicacion?id=242},
	pages={114-121}
}





%%%Glosarios - diccionarios
%%%%%%%%%%%%%%%%%%%%%%%%%%%%%%%%%%%%%%%%%%%%%%%%

@misc{gl_gartner,
	author    = {{Gartner}},
	title     = "Gartner IT Glossary",
	year     = "2019",
	url = "https://www.gartner.com/it-glossary/"
}

@misc{gl_ibm,
	author    = {{IBM}},
	title     = "IBM AI glossary",
	year     = "2019",
	url = "https://www.ibm.com/cloud/garage/architectures/cognitiveArchitecture/glossary"
}

@misc{gl_rae,
	author    = {{Real Academia Española}},
	title     = "Diccionario de la lengua española",
	edition="Twenty-third",
	year     = "2014",
	url = "https://dle.rae.es/?w=diccionario"
}



%%% nuevo



%%Conceptos
@misc{cáncer_2024,  
 	author = {{Instituto nacional del cáncer }},
 	title={¿Qué es el cáncer?}, 
 	url={https://www.cancer.gov/espanol},  
 	year={2024},  
 	month={Jun} 
 }

@misc{cáncer_piel_clinic_2024,  
 	title={Cáncer de piel - Síntomas y causas - Mayo Clinic},  url={https://www.mayoclinic.org/es/diseases-conditions/skin-cancer/symptoms-causes/syc-20377605},  
 	year={2024},  
 	month={Jun} }

@misc{cáncer_tipo_melanoma,  
 	title={¿Qué es el cáncer de piel tipo melanoma?},  url={https://www.cancer.org/es/cancer/tipos/cancer-de-piel-tipo-melanoma/acerca/que-es-melanoma.html} }
 
@misc{information_cancer,  title={Information and Resources about Cancer: Breast, Colon, Lung, Prostate, Skin},  url={https://www.cancer.org} }
 

@misc{clinica_barcelona,
		title={Pruebas y diagnóstico del Cáncer de Piel},  url={https://www.clinicbarcelona.org/asistencia/enfermedades/cancer-de-piel/pruebas-y-diagnostico},
		 year={2024},  
		month={Jun}

}
  
  